% References.bib, our BibTeX file for papers we've both read.
%
% For consistency, please use the bibtex entry supplied by:
%   citeseerx.ist.psu.edu
% and use acm.org as a fallback.
%
% Name pdf of paper by the same key as the bibtex reference.
%
% Keep file sorted in alphabetical order by bibtex key.
%
@INPROCEEDINGS{Bengio_greedylayerwise,
  author = {Yoshua Bengio and Pascal Lamblin and Dan Popovici and Hugo Larochelle and Université De Montréal and Montréal Québec},
  title = {Greedy layer-wise training of deep networks},
  booktitle = {In NIPS},
  year = {2007},
  publisher = {MIT Press}
}

@ARTICLE{Bengio_learning,
  author = {Yoshua Bengio},
  issue = {1},
  journal = {Foundations and Trends in Machine Learning},
  pages = {1--127},
  title = {Learning Deep Architectures for AI},
  volume = {2},
  year = {2009}
}

@INPROCEEDINGS{Bickerman_jazzmelodies,
  author = {Greg Bickerman and Sam Bosley and Peter Swire and Robert M. Keller},
  booktitle = {First International Conference on Computational Creativity},
  title = {Learning to Create Jazz Melodies Using Deep Belief Nets},
  year = {2010}
}

@INPROCEEDINGS{Eck_learningfeatures,
  author = {Douglas Eck and Université De Montréal},
  title = {Learning Features from Music Audio with Deep Belief Networks},
  booktitle = {11th International Society for Music Information Retrieval Conference (ISMIR 2010},
  year = {2010}
}

@ARTICLE{Hinton_contrastivedivergence,
  author = {G.E. Hinton},
  issue = {8},
  journal = {Neural Computation},
  pages = {1771--1800},
  title = {Training Products of Experts by Minimizing Contrastive Divergence},
  volume = {14},
  year = {2002}
}

@INCOLLECTION{Lee_audioconvolutionaldbs,
  title = {Unsupervised feature learning for audio classification using convolutional deep belief networks},
  author = {Honglak Lee and Peter Pham and Yan Largman and Andrew Ng},
  booktitle = {Advances in Neural Information Processing Systems 22},
  editor = {Y. Bengio and D. Schuurmans and J. Lafferty and C. K. I. Williams and A. Culotta},
  pages = {1096--1104},
  year = {2009}
}

@INPROCEEDINGS{Lee_convolutionaldeep,
  author = {Honglak Lee and Roger Grosse and Rajesh Ranganath and Andrew Y. Ng},
  title = {Convolutional Deep Belief Networks for Scalable Unsupervised Learning of Hierarchical Representations},
  booktitle = {Proceedings of the Twenty-Sixth International Conference on Machine Learning},
  year = {2009}
}

@INPROCEEDINGS{Wood_automaticidentification,
  author = {Sean Wood and Douglas Eck},
  booktitle = {Proceedings of the 10th International Conference on Music Information Retrieval (ISMIR'09)},
  title = {Automatic Identification of Instrument Classes in Polyphonic and Polyinstrument Audio},
  year = {2009}
}
